@article{YbiGames,
    author = "YbiGames",
    title = "{como funciona la memoria de una computadora}. ({German})
    [{On} the electrodynamics of moving bodies]",
    journal = "Annalen der Physik",
    volume = "322",
    number = "10",
    pages = "891--921",
    year = "1905",
    DOI = "http://dx.doi.org/10.1002/andp.19053221004",
    keywords = "physics"
}

@book{dirac,
    title = {The Principles of Quantum Mechanics},
    author = {Paul Adrien Maurice Dirac},
    isbn = {9780198520115},
    series = {International series of monographs on physics},
    year = {1981},
    publisher = {Clarendon Press},
    keywords = {physics}
}

@online{YouBioit,
    author = "YBiGames",
    title = "Cómo funciona la memoria de una computadora.",
    url  ="https://www.youbioit.com/en/article/8893/como-funciona-la-memoria-de-una-computadora",
    addendum = "(accessed: 18.06.2012)",
    keywords = "Memoria, RAM"
}



@online{Alelua,
    author = "Angel Luis Sanchez Iglesias",
    title = "Comparación de la velocidad del disco duro y la memoria RAM.",
    url  = "https://www.alelua.com/blog/2016/04/20/comparacion-de-la-velocidad-del-disco-duro-y-la-memoria-ram/",
    addendum = "(accessed: 20.04.2016)",
    keywords = "memoria RAM, disco duro"
}


@online{mateoa-volta,
    author = "Anónimo",
    title = "Concepto de memoria DRAM",
    url  = "http://mateoa-volta.blogspot.com/2015/10/concepto-de-memoria-dram.html",
    addendum = "(accessed: 16.10.2015)",
    keywords = "DRAM,SRAM"
}